@inproceedings{Frigo,
 author = {Frigo, Matteo and Leiserson, Charles E. and Prokop, Harald and Ramachandran, Sridhar},
 title = {Cache-Oblivious Algorithms},
 booktitle = {Proceedings of the 40th Annual Symposium on Foundations of Computer Science},
 series = {FOCS '99},
 year = {1999},
 isbn = {0-7695-0409-4},
 pages = {285--},
 url = {http://dl.acm.org/citation.cfm?id=795665.796479},
 acmid = {796479},
 publisher = {IEEE Computer Society},
 address = {Washington, DC, USA},
} 

@article{Stability,
 author = {Higham, Nicholas J.},
 title = {Exploiting fast matrix multiplication within the level 3 BLAS},
 journal = {ACM Trans. Math. Softw.},
 issue_date = {Dec. 1990},
 volume = {16},
 number = {4},
 month = dec,
 year = {1990},
 issn = {0098-3500},
 pages = {352--368},
 numpages = {17},
 url = {http://doi.acm.org/10.1145/98267.98290},
 doi = {10.1145/98267.98290},
 acmid = {98290},
 publisher = {ACM},
 address = {New York, NY, USA},
} 

@book{Hanne,
author = {Hennessy, John L. and Patterson, David A.},
title = {Computer Architecture, Fifth Edition: A Quantitative Approach},
year = {2011},
isbn = {012383872X, 9780123838728},
edition = {5th},
publisher = {Morgan Kaufmann Publishers Inc.},
address = {San Francisco, CA, USA},
}

@article{IntelHT,
 title = {Avoid Resource Contention on Hyper-Threading Technology-Enabled Systems},
 month = aug,
 year = {2009},
 url = {http://software.intel.com/en-us/articles/avoid-resource-contention-on-hyper-threading-technology-enabled-systems},
 publisher = {Intel}
} 